<?xml version="1.0" encoding="UTF-8"?><record xmlns="http://www.loc.gov/MARC21/slim" xmlns:cinclude="http://apache.org/cocoon/include/1.0" xmlns:zs="http://www.loc.gov/zing/srw/">
  <leader>00698cz  a2200133n  4500</leader>
  <controlfield tag="001">n 2008053249</controlfield>
  <controlfield tag="003">DLC</controlfield>
  <controlfield tag="005">20120817080353.0</controlfield>
  <controlfield tag="008">080805n| acannaabn          |n ana      </controlfield>
  <datafield tag="010" ind1=" " ind2=" ">
    <subfield code="a">n 2008053249</subfield>
  </datafield>
  <datafield tag="040" ind1=" " ind2=" ">
    <subfield code="a">DLC</subfield>
    <subfield code="b">eng</subfield>
    <subfield code="c">DLC</subfield>
    <subfield code="d">DLC</subfield>
  </datafield>
  <datafield tag="111" ind1="2" ind2=" ">
    <subfield code="a">Colloque "Musique et société"</subfield>
  </datafield>
  <datafield tag="667" ind1=" " ind2=" ">
    <subfield code="a">THIS 1XX FIELD CANNOT BE USED UNDER RDA UNTIL THIS RECORD HAS BEEN REVIEWED AND/OR UPDATED</subfield>
  </datafield>
  <datafield tag="670" ind1=" " ind2=" ">
    <subfield code="a">Colloque "Musique et société" (2006 : Université Paris-Val-de-Marne). Réflexions sur la socialité de la musique, 2007:</subfield>
    <subfield code="b">t.p. (actes du colloque "Musique et société", organisé les 7, 8 et 9 juin 2006 par le CRLMC (Université Blaise-Pascal, Clermont II) et l'Université Paris XII-Val-de-Marne)</subfield>
  </datafield>
</record>